<?xml version="1.0" encoding="UTF-8"?><collection xmlns="http://www.loc.gov/MARC21/slim"><record><leader>00559nam--2200217-u-4500</leader><controlfield tag="001">000050477</controlfield><controlfield tag="002">20161230</controlfield><controlfield tag="003">81846</controlfield><controlfield tag="005">20161230201048</controlfield><controlfield tag="008">070404s1000------------r-----000-0-eng-d</controlfield><datafield ind1=" " ind2=" " tag="020"><subfield code="a">981-256-610-4</subfield></datafield><datafield ind1=" " ind2=" " tag="040"><subfield code="a">IFIN-HH</subfield></datafield><datafield ind1=" " ind2=" " tag="041"><subfield code="a">eng</subfield></datafield><datafield ind1=" " ind2=" " tag="080"><subfield code="a">(92:53).082.2</subfield></datafield><datafield ind1="1" ind2=" " tag="100"><subfield code="a">Brown, Gerald E</subfield></datafield><datafield ind1="1" ind2="0" tag="245"><subfield code="a">Hans Bethe and His Physics</subfield><subfield code="c">Gerald E. Brown; Chang-Hwan Lee (eds.)</subfield></datafield><datafield ind1=" " ind2=" " tag="260"><subfield code="a">New Jersey</subfield><subfield code="b">World Scientific</subfield><subfield code="c">2006</subfield></datafield><datafield ind1=" " ind2=" " tag="300"><subfield code="a">314 p</subfield></datafield><datafield ind1="1" ind2=" " tag="700"><subfield code="a">Lee, Chang-Hwan</subfield><subfield code="e">ed</subfield></datafield><datafield ind1=" " ind2=" " tag="852"><subfield code="a">81846</subfield><subfield code="c">92</subfield></datafield><datafield ind1=" " ind2=" " tag="CAT"><subfield code="a">Sys</subfield><subfield code="c">20110405</subfield><subfield code="h">132556</subfield></datafield></record></collection>